%% This BibTeX bibliography file was created using BibDesk.
%% http://bibdesk.sourceforge.net/


%% Created for Ali Horowitz at 2014-06-18 19:05:59 -0700 


%% Saved with string encoding Unicode (UTF-8) 



@article{hartshorne2014,
	Author = {Hartshorne, J. K. and Nappa, R and Snedeker, J.},
	Date-Added = {2014-06-18 21:51:34 +0000},
	Date-Modified = {2014-06-19 02:05:58 +0000},
	Journal = {Journal of child language},
	Pages = {1--24},
	Publisher = {Cambridge Univ Press},
	Title = {Development of the first-mention bias},
	Year = {2014}}

@article{luong2013,
	Author = {Luong, Minh-Thang and Frank, Michael C and Johnson, Mark},
	Date-Added = {2014-03-28 18:18:44 +0000},
	Date-Modified = {2014-03-29 23:44:04 +0000},
	Journal = {Transactions of the Association for Computational Linguistics},
	Title = {Parsing entire discourses as very long strings: Capturing topic continuity in grounded language learning},
	Year = {2013}}

@article{mcmurray2012,
	Author = {McMurray, Bob and Horst, Jessica S and Samuelson, Larissa K},
	Date-Added = {2014-03-28 18:07:14 +0000},
	Date-Modified = {2014-05-05 01:56:10 +0000},
	Journal = {Psychological review},
	Pages = {831},
	Publisher = {American Psychological Association},
	Title = {Word learning emerges from the interaction of online referent selection and slow associative learning.},
	Volume = {119},
	Year = {2012}}

@article{barr2013,
	Author = {Barr, Dale J and Levy, Roger and Scheepers, Christoph and Tily, Harry J},
	Date-Added = {2013-06-24 01:17:44 +0000},
	Date-Modified = {2013-12-06 17:21:12 -0800},
	Journal = {Journal of Memory and Language},
	Pages = {255--278},
	Publisher = {Elsevier},
	Title = {Random effects structure for confirmatory hypothesis testing: Keep it maximal},
	Volume = {68},
	Year = {2013}}

@article{samuelson1998,
	Author = {Samuelson, Larissa K and Smith, Linda B},
	Date-Added = {2013-06-23 23:44:01 +0000},
	Date-Modified = {2013-12-06 17:26:17 -0800},
	Journal = {Child Development},
	Pages = {94--104},
	Title = {Memory and attention make smart word learning: An alternative account of Akhtar, Carpenter, and Tomasello},
	Volume = {69},
	Year = {1998}}

@article{roy2002,
	Author = {Roy, D.K. and Pentland, A.P.},
	Date-Added = {2013-06-23 23:41:22 +0000},
	Date-Modified = {2013-06-23 23:46:57 +0000},
	Journal = {Cognitive Science},
	Pages = {113--146},
	Publisher = {Lawrence Earlbaum},
	Title = {Learning words from sights and sounds: a computational model},
	Volume = {26},
	Year = {2002},
	Bdsk-Url-1 = {http://www.leaonline.com/doi/abs/10.1207/s15516709cog2601_4}}

@article{fazly2010,
	Author = {Fazly, Afsaneh and Alishahi, Afra and Stevenson, Suzanne},
	Date-Added = {2013-06-23 23:39:27 +0000},
	Date-Modified = {2013-12-06 17:23:27 -0800},
	Journal = {Cognitive Science},
	Pages = {1017--1063},
	Publisher = {Wiley Online Library},
	Title = {A Probabilistic Computational Model of Cross-Situational Word Learning},
	Volume = {34},
	Year = {2010}}

@article{wolf2005,
	Author = {Wolf, Florian and Gibson, Edward},
	Date-Added = {2013-06-23 22:51:11 +0000},
	Date-Modified = {2013-12-06 17:27:53 -0800},
	Journal = {Computational Linguistics},
	Pages = {249--287},
	Publisher = {MIT Press},
	Title = {Representing discourse coherence: A corpus-based study},
	Volume = {31},
	Year = {2005}}

@incollection{ward2004,
	Author = {G. Ward and B. Birner},
	Booktitle = {The Handbook of Pragmatics},
	Date-Added = {2013-06-23 22:51:11 +0000},
	Date-Modified = {2013-06-23 22:51:14 +0000},
	Editor = {L. R. Horn and G. Ward},
	Pages = {153-174},
	Publisher = {Oxford: Basil Blackwell},
	Title = {Information structure and non-canonical syntax},
	Year = {2004}}

@article{walden1988,
	Author = {Walden, Tedra A and Ogan, Tamra A},
	Date-Added = {2013-06-23 22:51:11 +0000},
	Date-Modified = {2013-06-23 22:51:14 +0000},
	Journal = {Child development},
	Pages = {1230--1240},
	Publisher = {JSTOR},
	Title = {The development of social referencing},
	Year = {1988}}

@article{van-berkum1999,
	Author = {J. J. A. {Van Berkum} and C. M. Brown and P. Hagoort},
	Date-Added = {2013-06-23 22:51:11 +0000},
	Date-Modified = {2013-06-23 22:51:14 +0000},
	Journal = {Journal of Memory and Language},
	Pages = {147-182},
	Title = {Early referential context effects in sentence processing: Evidence from event-related brain potentials},
	Volume = {41},
	Year = {1999}}

@article{tomasello1986,
	Author = {M. Tomasello and M.J. Farrar},
	Date-Added = {2013-06-23 22:51:11 +0000},
	Date-Modified = {2013-06-23 22:51:14 +0000},
	Journal = {Child Development},
	Pages = {1454-1463},
	Title = {Joint attention and early language},
	Volume = {57(6)},
	Year = {1986}}

@article{tomasello1983,
	Author = {Tomasello, Michael and Todd, Jody},
	Date-Added = {2013-06-23 22:51:11 +0000},
	Date-Modified = {2013-06-23 22:51:14 +0000},
	Journal = {First language},
	Number = {12},
	Pages = {197--211},
	Publisher = {Sage Publications},
	Title = {Joint attention and lexical acquisition style},
	Volume = {4},
	Year = {1983}}

@article{stevenson1994,
	Author = {R. Stevenson and R. Crawley and D. Kleinman},
	Date-Added = {2013-06-23 22:51:11 +0000},
	Date-Modified = {2013-06-23 22:51:14 +0000},
	Journal = {Language and Cognitive Processes},
	Pages = {519-548},
	Title = {Thematic roles, focusing and the representation of events},
	Volume = {9},
	Year = {1994}}

@article{song2007,
	Author = {Song, Hyun-Joo and Fisher, Cynthia},
	Date-Added = {2013-06-23 22:51:11 +0000},
	Date-Modified = {2014-05-22 04:26:46 +0000},
	Journal = {Lingua},
	Pages = {1959--1987},
	Publisher = {Elsevier},
	Title = {Discourse prominence effects on 2.5-year-old children's interpretation of pronouns},
	Volume = {117},
	Year = {2007}}

@article{song2005,
	Author = {Song, Hyun-Joo and Fisher, Cynthia},
	Date-Added = {2013-06-23 22:51:11 +0000},
	Date-Modified = {2013-12-06 17:26:49 -0800},
	Journal = {Journal of Memory and Language},
	Pages = {29--57},
	Publisher = {Elsevier},
	Title = {Who's ``she"? {D}iscourse prominence influences preschoolers' comprehension of pronouns},
	Volume = {52},
	Year = {2005}}

@article{snedeker2004,
	Author = {Snedeker, J. and Trueswell, J.},
	Date-Added = {2013-06-23 22:51:11 +0000},
	Date-Modified = {2013-06-23 22:51:14 +0000},
	Journal = {Cognitive Psychology},
	Pages = {238-299},
	Title = {The developing constraints on parsing decisions: The role of lexical-biases and referential scenes in child and adult sentence processing},
	Volume = {49},
	Year = {2004}}

@article{smyth1994,
	Author = {R. J. Smyth},
	Date-Added = {2013-06-23 22:51:11 +0000},
	Date-Modified = {2013-06-23 22:51:14 +0000},
	Journal = {Journal of Psycholinguistic Research},
	Pages = {197-229},
	Title = {Grammatical determinants of ambiguous pronoun resolution},
	Volume = {23},
	Year = {1994}}

@article{skarabela2007,
	Author = {Skarabela, Barbora},
	Date-Added = {2013-06-23 22:51:11 +0000},
	Date-Modified = {2013-12-06 17:26:25 -0800},
	Journal = {Lingua},
	Pages = {1837--1857},
	Publisher = {Elsevier},
	Title = {Signs of early social cognition in children's syntax: The case of joint attention in argument realization in child {I}nuktitut},
	Volume = {117},
	Year = {2007}}

@article{siskind1996,
	Author = {Siskind, J.M.},
	Date-Added = {2013-06-23 22:51:11 +0000},
	Date-Modified = {2014-05-05 01:56:22 +0000},
	Journal = {Cognition},
	Pages = {39--91},
	Publisher = {Elsevier},
	Title = {A computational study of cross-situational techniques for learning word-to-meaning mappings},
	Volume = {61},
	Year = {1996}}

@article{sedivy2002,
	Author = {J. C. Sedivy},
	Date-Added = {2013-06-23 22:51:11 +0000},
	Date-Modified = {2013-06-23 22:51:14 +0000},
	Journal = {Journal of Memory and Language},
	Pages = {341-370},
	Title = {Invoking Discourse-Based Contrast Sets and Resolving Syntactic Ambiguities},
	Volume = {46},
	Year = {2002}}

@article{rohlfing2011,
	Author = {Rohlfing, Katharina J},
	Date-Added = {2013-06-23 22:51:11 +0000},
	Date-Modified = {2013-06-23 22:51:14 +0000},
	Journal = {Dialogue \& Discourse},
	Number = {2},
	Title = {Exploring ``Associative Talk'': When German Mothers Instruct Their Two Year Olds about Spatial Tasks},
	Volume = {2},
	Year = {2011}}

@article{rohde2014,
	Author = {Rohde, H. and Frank, M. C.},
	Date-Added = {2013-06-23 22:51:11 +0000},
	Date-Modified = {2014-06-04 18:06:21 +0000},
	Journal = {Cognitive Science},
	Title = {Markers of topical discourse in child-directed speech},
	Year = {2014}}

@article{rohde2011,
	Author = {Rohde, H. and Levy, R. and Kehler, A.},
	Date-Added = {2013-06-23 22:51:11 +0000},
	Date-Modified = {2013-06-23 22:51:14 +0000},
	Journal = {Cognition},
	Pages = {339-358},
	Title = {Anticipating explanations in relative clause processing},
	Volume = {118},
	Year = {2011}}

@book{quine1973,
	Author = {Quine, W.V.O.},
	Date-Added = {2013-06-23 22:51:11 +0000},
	Date-Modified = {2013-06-23 22:51:14 +0000},
	Publisher = {The MIT Press},
	Title = {Word and object},
	Volume = {4},
	Year = {1973}}

@article{pyykkonen2010,
	Author = {Pyykk{\"o}nen, Pirita and Matthews, Danielle and J{\"a}rvikivi, Juhani},
	Date-Added = {2013-06-23 22:51:11 +0000},
	Date-Modified = {2013-12-06 17:26:07 -0800},
	Journal = {Language and Cognitive Processes},
	Pages = {115--129},
	Publisher = {Taylor \& Francis},
	Title = {Three-year-olds are sensitive to semantic prominence during online language comprehension: A visual world study of pronoun resolution},
	Volume = {25},
	Year = {2010}}

@incollection{prince1992,
	Address = {Amsterdam/Philadelphia},
	Author = {Prince, E. F.},
	Booktitle = {Discourse Description: Diverse Analyses of a Fundraising Text},
	Date-Added = {2013-06-23 22:51:11 +0000},
	Date-Modified = {2013-06-26 12:38:03 -0700},
	Editor = {Thompson, S. and Mann, W.},
	Pages = {295-325},
	Publisher = {John Benjamins},
	Title = {The {ZPG} letter: Subjects, definiteness, and information-status},
	Year = {1992}}

@inproceedings{prasad2008,
	Author = {Prasad, Rashmi and Dinesh, Nikhil and Lee, Alan and Miltsakaki, Eleni and Robaldo, Livio and Joshi, Aravind and Webber, Bonnie},
	Booktitle = {Proceedings of the 6th International Conference on Language Resources and Evaluation (LREC 2008)},
	Date-Added = {2013-06-23 22:51:11 +0000},
	Date-Modified = {2013-06-23 22:51:14 +0000},
	Organization = {Citeseer},
	Pages = {2961--2968},
	Title = {The penn discourse treebank 2.0},
	Year = {2008}}

@article{polanyi1988,
	Author = {Polanyi, L.},
	Date-Added = {2013-06-23 22:51:11 +0000},
	Date-Modified = {2013-06-23 22:51:14 +0000},
	Journal = {Journal of Pragmatics},
	Pages = {601-638},
	Title = {A formal model of the structure of discourse},
	Volume = {12},
	Year = {1988}}

@article{pevzner2002,
	Author = {Pevzner, L. and Hearst, M.A.},
	Date-Added = {2013-06-23 22:51:11 +0000},
	Date-Modified = {2013-06-23 22:51:14 +0000},
	Journal = {Computational Linguistics},
	Number = {1},
	Pages = {19--36},
	Publisher = {MIT Press},
	Title = {A critique and improvement of an evaluation metric for text segmentation},
	Volume = {28},
	Year = {2002}}

@article{narasimhan2005,
	Author = {Narasimhan, Bhuvana and Budwig, Nancy and Murty, Lalita},
	Date-Added = {2013-06-23 22:51:11 +0000},
	Date-Modified = {2013-06-23 22:51:14 +0000},
	Journal = {Journal of Pragmatics},
	Number = {4},
	Pages = {461--495},
	Publisher = {Elsevier},
	Title = {Argument realization in Hindi caregiver--child discourse},
	Volume = {37},
	Year = {2005}}

@inproceedings{munro2010,
	Author = {Munro, R. and Bethard, S. and Kuperman, V. and Lai, V.T. and Melnick, R. and Potts, C. and Schnoebelen, T. and Tily, H.},
	Booktitle = {Proceedings of the NAACL HLT 2010 Workshop on Creating Speech and Language Data with Amazon's Mechanical Turk},
	Date-Added = {2013-06-23 22:51:11 +0000},
	Date-Modified = {2013-06-23 22:51:14 +0000},
	Organization = {Association for Computational Linguistics},
	Pages = {122--130},
	Title = {Crowdsourcing and language studies: the new generation of linguistic data},
	Year = {2010}}

@article{medina2011,
	Author = {Medina, T.N. and Snedeker, J. and Trueswell, J.C. and Gleitman, L.R.},
	Date-Added = {2013-06-23 22:51:11 +0000},
	Date-Modified = {2013-06-23 22:51:13 +0000},
	Journal = {Proceedings of the National Academy of Sciences},
	Number = {22},
	Pages = {9014},
	Publisher = {National Acad Sciences},
	Title = {How words can and cannot be learned by observation},
	Volume = {108},
	Year = {2011}}

@article{mann1988,
	Author = {W. C. Mann and S. A. Thompson},
	Date-Added = {2013-06-23 22:51:11 +0000},
	Date-Modified = {2013-06-23 22:51:13 +0000},
	Journal = {Text},
	Pages = {243-281},
	Title = {Rhetorical Structure Theory: Toward a Functional Theory of Text Organization},
	Volume = {8},
	Year = {1988}}

@inproceedings{madnani2010,
	Author = {Madnani, Nitin and Boyd-Graber, Jordan and Resnik, Philip},
	Booktitle = {Proceedings of the NAACL HLT 2010 Workshop on Creating Speech and Language Data with Amazon's Mechanical Turk},
	Date-Added = {2013-06-23 22:51:11 +0000},
	Date-Modified = {2013-06-23 22:51:13 +0000},
	Organization = {Association for Computational Linguistics},
	Pages = {188--194},
	Title = {Measuring transitivity using untrained annotators},
	Year = {2010}}

@incollection{levy2007,
	Address = {Cambridge},
	Author = {Levy, R. and Jaeger, T.F.},
	Booktitle = {Advances in neural information processing systems},
	Date-Added = {2013-06-23 22:51:11 +0000},
	Date-Modified = {2013-06-23 22:51:13 +0000},
	Editor = {B. Schl\"{o}kopf and J. Platt and T. Hoffman},
	Publisher = {MIT Press},
	Title = {Speakers optimize information density through syntactic reduction},
	Year = {2007}}

@book{lambrecht1994,
	Address = {Cambridge},
	Author = {K. Lambrecht},
	Date-Added = {2013-06-23 22:51:11 +0000},
	Date-Modified = {2013-06-23 22:51:13 +0000},
	Publisher = {Cambridge University Press},
	Title = {Information structure and sentence form: Topic, focus, and the mental representations of discourse referents},
	Year = {1994}}

@article{koornneef2006,
	Author = {A. W. Koornneef and J. J. A. {Van Berkum}},
	Date-Added = {2013-06-23 22:51:11 +0000},
	Date-Modified = {2013-06-23 22:51:13 +0000},
	Journal = {Journal of Memory and Language},
	Pages = {445-465},
	Title = {On the Use of Verb-based Implicit Causality in Sentence Comprehension: Evidence from Self-paced Reading and Eye-tracking},
	Volume = {54},
	Year = {2006}}

@article{kehler2008,
	Author = {A. Kehler and L. Kertz and H. Rohde and J. Elman},
	Date-Added = {2013-06-23 22:51:11 +0000},
	Date-Modified = {2013-06-23 22:51:13 +0000},
	Journal = {Jo. of Semantics},
	Pages = {1-44},
	Title = {Coherence and Coreference Revisited},
	Volume = {25},
	Year = {2008}}

@book{kehler2002,
	Address = {Stanford, CA},
	Author = {A. Kehler},
	Date-Added = {2013-06-23 22:51:11 +0000},
	Date-Modified = {2013-06-23 22:51:13 +0000},
	Publisher = {CSLI Publications},
	Title = {Coherence, reference, and the theory of grammar},
	Year = {2002}}

@article{kaiser2012,
	Author = {Elsi Kaiser},
	Date-Added = {2013-06-23 22:51:11 +0000},
	Date-Modified = {2013-06-23 22:51:13 +0000},
	Journal = {Frontiers in Psychology},
	Number = {3(156)},
	Pages = {1-13},
	Title = {Taking action: a cross-modal investigation of discourse-level representations},
	Year = {2012}}

@inproceedings{irvine2010,
	Author = {Irvine, Ann and Klementiev, Alexandre},
	Booktitle = {Proceedings of the NAACL HLT 2010 Workshop on Creating Speech and Language Data with Amazon's Mechanical Turk},
	Date-Added = {2013-06-23 22:51:11 +0000},
	Date-Modified = {2013-06-23 22:51:13 +0000},
	Organization = {Association for Computational Linguistics},
	Pages = {108--113},
	Title = {Using Mechanical Turk to annotate lexicons for less commonly used languages},
	Year = {2010}}

@inproceedings{hsueh2009,
	Author = {Hsueh, P.Y. and Melville, P. and Sindhwani, V.},
	Booktitle = {Proceedings of the NAACL HLT 2009 Workshop on Active Learning for Natural Language Processing},
	Date-Added = {2013-06-23 22:51:11 +0000},
	Date-Modified = {2013-06-23 22:51:13 +0000},
	Organization = {Association for Computational Linguistics},
	Pages = {27--35},
	Title = {Data quality from crowdsourcing: a study of annotation selection criteria},
	Year = {2009}}

@inproceedings{horowitz2013,
	Author = {Horowitz, A. and Frank, M. C.},
	Booktitle = {{Proceedings of the 35th Annual Meeting of the Cognitive Science Society}},
	Date-Added = {2013-06-23 22:51:11 +0000},
	Date-Modified = {2013-06-23 22:51:13 +0000},
	Title = {Young children's developing sensitivity to discourse continuity as a cue to reference},
	Year = {2013}}

@article{hornik1988,
	Author = {Hornik, Robin and Gunnar, Megan R},
	Date-Added = {2013-06-23 22:51:11 +0000},
	Date-Modified = {2013-06-23 22:51:13 +0000},
	Journal = {Child development},
	Pages = {626--634},
	Publisher = {JSTOR},
	Title = {A descriptive analysis of infant social referencing},
	Year = {1988}}

@article{hornik1987,
	Author = {Hornik, Robin and Risenhoover, Nancy and Gunnar, Megan},
	Date-Added = {2013-06-23 22:51:11 +0000},
	Date-Modified = {2013-06-23 22:51:13 +0000},
	Journal = {Child Development},
	Pages = {937--944},
	Publisher = {JSTOR},
	Title = {The effects of maternal positive, neutral, and negative affective communications on infant responses to new toys},
	Year = {1987}}

@techreport{hobbs1985,
	Author = {J. R. Hobbs},
	Date-Added = {2013-06-23 22:51:11 +0000},
	Date-Modified = {2013-06-23 22:51:13 +0000},
	Institution = {Report No. 85-37, CSLI, Stanford},
	Title = {On the Coherence and Structure of Discourse},
	Year = {1985}}

@article{hobbs1979,
	Author = {J. R. Hobbs},
	Date-Added = {2013-06-23 22:51:11 +0000},
	Date-Modified = {2013-06-23 22:51:13 +0000},
	Journal = {Cognitive Science},
	Pages = {67-90},
	Title = {Coherence and coreference},
	Volume = {3},
	Year = {1979}}

@book{halliday1976,
	Address = {London},
	Author = {Halliday, M. A. K. and Hasan, R.},
	Date-Added = {2013-06-23 22:51:11 +0000},
	Date-Modified = {2013-06-23 22:51:13 +0000},
	Publisher = {Longman},
	Title = {Cohesion in English},
	Year = {1976}}

@article{gundel1993,
	Author = {Gundel, J. and N. Hedberg and R. Zacharski},
	Date-Added = {2013-06-23 22:51:11 +0000},
	Date-Modified = {2013-06-23 22:51:13 +0000},
	Journal = {Language},
	Pages = {274-307},
	Title = {Cognitive status and the form of referring expressions in discourse},
	Volume = {69},
	Year = {1993}}

@article{guerriero2006,
	Author = {Guerriero, Am Sonia and Oshima-Takane, Yuriko and Kuriyama, Yoko},
	Date-Added = {2013-06-23 22:51:11 +0000},
	Date-Modified = {2013-06-23 22:51:13 +0000},
	Journal = {Journal of child language},
	Number = {04},
	Pages = {823--857},
	Publisher = {Cambridge Univ Press},
	Title = {The development of referential choice in English and Japanese: a discourse-pragmatic perspective},
	Volume = {33},
	Year = {2006}}

@article{grosz1995,
	Author = {B. J. Grosz and A. K. Joshi and S. Weinstein},
	Date-Added = {2013-06-23 22:51:11 +0000},
	Date-Modified = {2013-06-23 22:51:13 +0000},
	Journal = {Computational Linguistics},
	Pages = {203-225},
	Title = {Centering: A framework for modeling the local coherence of discourse},
	Volume = {21},
	Year = {1995}}

@incollection{grice1975,
	Address = {NY},
	Author = {Grice, H. P.},
	Booktitle = {Speech Acts},
	Date-Added = {2013-06-23 22:51:11 +0000},
	Date-Modified = {2013-06-23 22:51:13 +0000},
	Editor = {Cole, P. and Morgan, J. L.},
	Publisher = {Academic Press},
	Title = {Logic and conversation},
	Year = {1975}}

@incollection{greenfield1978,
	Address = {London},
	Author = {Greenfield, P. M.},
	Booktitle = {Development of cotnmunication},
	Date-Added = {2013-06-23 22:51:11 +0000},
	Date-Modified = {2013-06-23 22:51:13 +0000},
	Editor = {Waterson, N. and Snow, C.},
	Publisher = {Wiley},
	Title = {Informativeness, presupposition, and semantic choice in single-word utterances},
	Year = {1978}}

@book{greenfield1976,
	Address = {New York},
	Author = {Greenfield, P. M. and Smith, J. H.},
	Date-Added = {2013-06-23 22:51:11 +0000},
	Date-Modified = {2013-06-23 22:51:13 +0000},
	Publisher = {Academic Press},
	Title = {The structure of communication in early language development},
	Year = {1976}}

@article{gordon1993,
	Author = {P. C. Gordon and B. J. Grosz and L. A. Gilliom},
	Date-Added = {2013-06-23 22:51:11 +0000},
	Date-Modified = {2013-06-23 22:51:13 +0000},
	Journal = {Cognitive Science},
	Pages = {311-347},
	Title = {Pronouns, names, and the centering of attention in discourse},
	Volume = {17},
	Year = {1993}}

@article{goldwater2009,
	Author = {Goldwater, Sharon and Griffiths, Thomas L and Johnson, Mark},
	Date-Added = {2013-06-23 22:51:11 +0000},
	Date-Modified = {2013-06-23 22:51:13 +0000},
	Journal = {Cognition},
	Number = {1},
	Pages = {21--54},
	Publisher = {Elsevier},
	Title = {A Bayesian framework for word segmentation: Exploring the effects of context},
	Volume = {112},
	Year = {2009}}

@article{gleitman1990,
	Author = {Gleitman, L.},
	Date-Added = {2013-06-23 22:51:11 +0000},
	Date-Modified = {2013-06-23 22:51:13 +0000},
	Journal = {Language acquisition},
	Number = {1},
	Pages = {3--55},
	Publisher = {Taylor \& Francis},
	Title = {The structural sources of verb meanings},
	Volume = {1},
	Year = {1990}}

@inproceedings{genzel2002,
	Author = {D. Genzel and E. Charniak},
	Booktitle = {{Proceedings of the 40th Annual Meeting of the Association for Computational Linguistics}},
	Date-Added = {2013-06-23 22:51:11 +0000},
	Date-Modified = {2013-06-23 22:51:13 +0000},
	Title = {Entropy Rate Constancy in Text},
	Year = {2002}}

@book{gelman2007,
	Author = {Gelman, A. and Hill, J},
	Date-Added = {2013-06-23 22:51:11 +0000},
	Date-Modified = {2013-06-23 22:51:13 +0000},
	Publisher = {Cambridge University Press Cambridge},
	Title = {Data analysis using regression and multilevel/hierarchical models},
	Volume = {625},
	Year = {2007}}

@book{gelman2004,
	Author = {Gelman, A.},
	Date-Added = {2013-06-23 22:51:11 +0000},
	Date-Modified = {2013-06-23 22:51:13 +0000},
	Isbn = {158488388X},
	Publisher = {CRC press},
	Title = {Bayesian data analysis},
	Year = {2004}}

@article{frank2009,
	Author = {Frank, M. C. and Goodman, N.D. and Tenenbaum, J.B.},
	Date-Added = {2013-06-23 22:51:11 +0000},
	Date-Modified = {2013-12-06 17:23:37 -0800},
	Journal = {Psychological Science},
	Pages = {578},
	Publisher = {SAGE Publications},
	Title = {Using speakers' referential intentions to model early cross-situational word learning},
	Volume = {20},
	Year = {2009}}

@article{fernald1993,
	Author = {Fernald, A. and Morikawa, H.},
	Date-Added = {2013-06-23 22:51:11 +0000},
	Date-Modified = {2013-06-23 22:51:13 +0000},
	Journal = {Child Development},
	Pages = {637-656},
	Title = {Common themes and cultural variations in {Japanese and American} mothers' speech to infants},
	Volume = {64},
	Year = {1993}}

@article{fernald1998,
	Author = {Fernald, A. and Pinto, J. P. and Swingley, D. and Weinberg, A. and McRoberts, G. W.},
	Date-Added = {2013-06-23 22:51:11 +0000},
	Date-Modified = {2013-06-23 22:51:13 +0000},
	Journal = {Psychological Science},
	Pages = {228-231},
	Title = {Rapid gains in speed of verbal processing by infants in the second year},
	Volume = {9(3)},
	Year = {1998}}

@article{dowman2008,
	Author = {Dowman, M. and Savova, V. and Griffiths, T.L. and Kording, KP and Tenenbaum, J.B. and Purver, M.},
	Date-Added = {2013-06-23 22:51:11 +0000},
	Date-Modified = {2013-06-23 22:51:13 +0000},
	Journal = {Audio, Speech, and Language Processing, IEEE Transactions on},
	Number = {7},
	Pages = {1238--1248},
	Publisher = {IEEE},
	Title = {A probabilistic model of meetings that combines words and discourse features},
	Volume = {16},
	Year = {2008}}

@book{clark2003,
	Author = {Clark, Eve V},
	Date-Added = {2013-06-23 22:51:11 +0000},
	Date-Modified = {2013-06-23 22:51:13 +0000},
	Publisher = {Cambridge University Press},
	Title = {First language acquisition},
	Year = {2003}}

@book{clark1996,
	Author = {Clark, H.},
	Date-Added = {2013-06-23 22:51:11 +0000},
	Date-Modified = {2013-06-25 12:09:06 -0700},
	Publisher = {Cambridge University Press},
	Title = {Using Language},
	Year = {1996}}

@inproceedings{clancy2004,
	Author = {Clancy, Patricia M},
	Booktitle = {Proceedings of the 32nd {S}tanford {C}hild {L}anguage {R}esearch {F}orum. {S}tanford, {CA}: {CSLI} {P}ublications},
	Date-Added = {2013-06-23 22:51:11 +0000},
	Date-Modified = {2013-06-26 12:36:37 -0700},
	Title = {The discourse basis of constructions: Some evidence from {K}orean},
	Year = {2004}}

@inproceedings{carterette2010,
	Author = {Carterette, Ben and Soboroff, Ian},
	Booktitle = {Proceedings of the 33rd international ACM SIGIR conference on Research and development in information retrieval},
	Date-Added = {2013-06-23 22:51:11 +0000},
	Date-Modified = {2013-06-23 22:51:13 +0000},
	Organization = {ACM},
	Pages = {539--546},
	Title = {The effect of assessor error on IR system evaluation},
	Year = {2010}}

@article{carpenter1998,
	Author = {Carpenter, M. and Nagell, K. and Tomasello, M.},
	Date-Added = {2013-06-23 22:51:11 +0000},
	Date-Modified = {2013-06-23 22:51:13 +0000},
	Journal = {Monographs of the Society for Research in Child Development},
	Title = {Social cognition, joint attention, and communicative competence from 9 to 15 months of age},
	Volume = {63(4)},
	Year = {1998}}

@article{caramazza1977,
	Author = {Caramazza, A. and Grober, E. and Garvey, C. and Yates, J.},
	Date-Added = {2013-06-23 22:51:11 +0000},
	Date-Modified = {2013-06-23 22:51:13 +0000},
	Journal = {Journal of Verbal Learning and Verbal Behaviour},
	Pages = {601-609},
	Title = {Comprehension of anaphoric pronouns},
	Volume = {16},
	Year = {1977}}

@article{beeferman1999,
	Author = {Beeferman, D. and Berger, A. and Lafferty, J.},
	Date-Added = {2013-06-23 22:51:11 +0000},
	Date-Modified = {2013-06-23 22:51:13 +0000},
	Journal = {Machine learning},
	Number = {1},
	Pages = {177--210},
	Publisher = {Springer},
	Title = {Statistical models for text segmentation},
	Volume = {34},
	Year = {1999}}

@book{bates1976,
	Author = {Bates, Elizabeth},
	Date-Added = {2013-06-23 22:51:11 +0000},
	Date-Modified = {2013-06-26 12:34:13 -0700},
	Publisher = {Academic Press New York},
	Title = {Language and context: The acquisition of pragmatics},
	Volume = {13},
	Year = {1976}}

@incollection{baldwin1995,
	Author = {D. A. Baldwin},
	Booktitle = {Joint attention: its origins and role in development},
	Date-Added = {2013-06-23 22:51:11 +0000},
	Date-Modified = {2013-06-23 22:51:13 +0000},
	Editor = {C. Moore and P. J. Dunham},
	Title = {Understanding the link between joint attention and language},
	Year = {1995}}

@article{baayen2008,
	Author = {R. Harald Baayen and D. J. Davidson and D. M. Bates},
	Date-Added = {2013-06-23 22:51:11 +0000},
	Date-Modified = {2013-06-23 22:51:13 +0000},
	Journal = {Journal of Memory and Language {\em (Special issue on Emerging Data Analysis)}},
	Pages = {390--412},
	Title = {Mixed-effects modeling with crossed random effects for subjects and items},
	Volume = {59},
	Year = {2008}}

@book{asher2003,
	Address = {Cambridge},
	Author = {N. Asher and A. Lascarides},
	Date-Added = {2013-06-23 22:51:11 +0000},
	Date-Modified = {2013-06-23 22:51:13 +0000},
	Publisher = {Cambridge University Press},
	Title = {Logics of {Conversation}},
	Year = {2003}}

@article{arnold2007,
	Author = {J. E. Arnold and S. Brown-Schmidt and J. C. Trueswell},
	Date-Added = {2013-06-23 22:51:11 +0000},
	Date-Modified = {2013-12-06 17:19:00 -0800},
	Journal = {Language and Cognitive Processes},
	Pages = {527-565},
	Title = {Children's use of gender and order-of-mention during pronoun comprehension},
	Volume = {22},
	Year = {2007}}

@article{arnold2001,
	Author = {Arnold, J. E.},
	Date-Added = {2013-06-23 22:51:11 +0000},
	Date-Modified = {2013-06-23 22:51:13 +0000},
	Journal = {Discourse Processes},
	Pages = {137-162},
	Title = {The effects of thematic roles on pronoun use and frequency of reference},
	Volume = {31},
	Year = {2001}}

@book{ariel1990,
	Address = {London},
	Author = {Ariel, M.},
	Date-Added = {2013-06-23 22:51:11 +0000},
	Date-Modified = {2013-06-23 22:51:13 +0000},
	Publisher = {Routledge},
	Title = {{Accessing Noun-Phrase Antecedents}},
	Year = {1990}}

@article{altmann1988,
	Author = {Altmann, G. T. M and Steedman, M.},
	Date-Added = {2013-06-23 22:51:11 +0000},
	Date-Modified = {2013-06-23 22:51:13 +0000},
	Journal = {Cognition},
	Pages = {191-238},
	Title = {Interaction with context during human sentence processing},
	Volume = {30},
	Year = {1988}}

@article{allen2007,
	Author = {Allen, Shanley EM},
	Date-Added = {2013-06-23 22:51:11 +0000},
	Date-Modified = {2013-06-23 22:51:13 +0000},
	Journal = {Crosslinguistic perspectives on argument structure: Implications for learnability},
	Pages = {191--210},
	Publisher = {Lawrence Erlbaum Associates Hillsdale, NJ},
	Title = {Interacting pragmatic influences on childrens argument realization},
	Year = {2007}}

@article{allen2000,
	Author = {Allen, Shanley EM},
	Date-Added = {2013-06-23 22:51:11 +0000},
	Date-Modified = {2013-12-06 17:18:35 -0800},
	Journal = {Linguistics},
	Pages = {483--521},
	Title = {A discourse-pragmatic explanation for argument representation in child {I}nuktitut},
	Volume = {38},
	Year = {2000}}

@book{agresti2002,
	Author = {A. Agresti},
	Date-Added = {2013-06-23 22:51:11 +0000},
	Date-Modified = {2013-06-23 22:51:13 +0000},
	Publisher = {Wiley},
	Title = {Categorical Data Analysis},
	Year = {2002}}

@article{hollich2000,
	Author = {Hollich, G.J. and Hirsh-Pasek, K. and Golinkoff, R.M.},
	Date-Added = {2013-06-23 22:40:49 +0000},
	Date-Modified = {2013-12-06 17:25:00 -0800},
	Journal = {Monographs of the Society for Research in Child Development},
	Publisher = {Blackwell Publishing; Society for Research in Child Development},
	Title = {Breaking the language barrier: An emergentist coalition model for the origins of word learning},
	Volume = {65},
	Year = {2000}}

@article{csibra2010,
	Author = {Csibra, Gergely},
	Date-Added = {2013-06-16 13:54:21 -0700},
	Date-Modified = {2013-12-06 17:23:19 -0800},
	Journal = {Mind \& Language},
	Pages = {141--168},
	Publisher = {Wiley Online Library},
	Title = {Recognizing communicative intentions in infancy},
	Volume = {25},
	Year = {2010}}

@article{bakeman1984,
	Author = {Bakeman, Roger and Adamson, Lauren B},
	Date-Added = {2013-06-16 13:51:12 -0700},
	Date-Modified = {2014-05-05 01:54:50 +0000},
	Journal = {Child Development},
	Pages = {1278--1289},
	Publisher = {JSTOR},
	Title = {Coordinating attention to people and objects in mother-infant and peer-infant interaction},
	Volume = {55},
	Year = {1984}}

@article{callanan2012,
	Author = {Callanan, Maureen A},
	Date-Added = {2013-06-15 20:19:49 -0700},
	Date-Modified = {2013-12-06 17:23:09 -0800},
	Journal = {Journal of Cognition and Development},
	Pages = {137--151},
	Publisher = {Taylor \& Francis},
	Title = {Conducting Cognitive Developmental Research in Museums: Theoretical Issues and Practical Considerations},
	Volume = {13},
	Year = {2012}}

@article{baldwin1993,
	Author = {Baldwin, D. A.},
	Date-Added = {2013-06-13 15:15:37 -0700},
	Date-Modified = {2013-12-06 17:19:21 -0800},
	Journal = {Developmental Psychology},
	Pages = {832--843},
	Publisher = {American Psychological Association},
	Title = {Early referential understanding: Infants' ability to recognize referential acts for what they are},
	Volume = {29},
	Year = {1993}}

@article{horst2008,
	Author = {Horst, Jessica S and Samuelson, Larissa K},
	Date-Added = {2013-06-12 16:37:09 -0700},
	Date-Modified = {2013-12-06 17:25:48 -0800},
	Journal = {Infancy},
	Pages = {128--157},
	Publisher = {Taylor \& Francis},
	Title = {Fast mapping but poor retention by 24-month-old infants},
	Volume = {13},
	Year = {2008}}

@article{yu2007,
	Author = {Yu, Chen and Ballard, Dana H},
	Date-Added = {2013-06-12 13:59:28 -0700},
	Date-Modified = {2013-12-06 17:27:10 -0800},
	Journal = {Neurocomputing},
	Pages = {2149--2165},
	Publisher = {Elsevier},
	Title = {A unified model of early word learning: Integrating statistical and social cues},
	Volume = {70},
	Year = {2007}}

@article{bion2012,
	Author = {Bion, Ricardo AH and Borovsky, Arielle and Fernald, Anne},
	Date-Added = {2013-06-12 13:58:29 -0700},
	Date-Modified = {2014-05-05 01:55:56 +0000},
	Journal = {Cognition},
	Pages = {39-53},
	Publisher = {Elsevier},
	Title = {Fast mapping, slow learning: Disambiguation of novel word--object mappings in relation to vocabulary learning at 18, 24, and 30 months},
	Volume = {126},
	Year = {2012}}

@article{baldwin1996,
	Author = {Baldwin, Dare A and Markman, Ellen M and Bill, Brigitte and Desjardins, Renee N and Irwin, Jane M and Tidball, Glynnis},
	Date-Added = {2013-06-12 13:43:38 -0700},
	Date-Modified = {2013-06-23 22:51:13 +0000},
	Journal = {Child development},
	Number = {6},
	Pages = {3135--3153},
	Publisher = {Wiley Online Library},
	Title = {Infants' Reliance on a Social Criterion for Establishing Word-Object Relations},
	Volume = {67},
	Year = {1996}}

@article{baker1988,
	Author = {Baker, N.D. and Greenfield, P.M.},
	Date-Added = {2013-01-30 21:22:42 -0800},
	Date-Modified = {2013-06-23 22:51:13 +0000},
	Journal = {Language Sciences},
	Number = {1},
	Pages = {3--34},
	Publisher = {Elsevier},
	Title = {The development of new and old information in young children's early language},
	Volume = {10},
	Year = {1988}}

@article{diesendruck2006,
	Author = {Diesendruck, G. and Shemer, G.},
	Date-Added = {2013-01-07 20:33:57 -0800},
	Date-Modified = {2013-06-23 22:51:13 +0000},
	Journal = {Journal of Child Language},
	Number = {2},
	Pages = {321},
	Publisher = {Cambridge Univ Press},
	Title = {Young children's expectation of competence in word learning},
	Volume = {33},
	Year = {2006}}

@article{baldwin1991,
	Author = {Baldwin, D. A.},
	Date-Added = {2013-01-07 16:06:56 -0800},
	Date-Modified = {2013-12-06 17:19:17 -0800},
	Journal = {Child Development},
	Pages = {874--890},
	Publisher = {Wiley Online Library},
	Title = {Infants' contribution to the achievement of joint reference},
	Volume = {62},
	Year = {1991}}

@article{tomasello1994,
	Author = {Tomasello, M. and Barton, M.E.},
	Date-Added = {2013-01-07 16:00:25 -0800},
	Date-Modified = {2014-05-05 01:57:33 +0000},
	Journal = {Developmental Psychology},
	Pages = {639-650},
	Publisher = {American Psychological Association},
	Title = {Learning words in nonostensive contexts.},
	Volume = {30},
	Year = {1994}}

@article{akhtar1996,
	Author = {Akhtar, N. and Carpenter, M. and Tomasello, M.},
	Date-Added = {2013-01-07 15:31:36 -0800},
	Date-Modified = {2013-12-06 17:18:29 -0800},
	Journal = {Child Development},
	Pages = {635--645},
	Publisher = {Wiley Online Library},
	Title = {The role of discourse novelty in early word learning},
	Volume = {67},
	Year = {1996}}

@article{merriman1989,
	Author = {Merriman, W.E. and Bowman, L.L. and MacWhinney, B.},
	Date-Added = {2013-01-07 15:09:51 -0800},
	Date-Modified = {2013-06-23 22:51:14 +0000},
	Journal = {Monographs of the society for research in child development},
	Publisher = {JSTOR},
	Title = {The mutual exclusivity bias in children's word learning},
	Year = {1989}}

@article{mervis1994,
	Author = {Mervis, C.B. and Bertrand, J.},
	Date-Added = {2013-01-07 15:07:43 -0800},
	Date-Modified = {2013-06-23 22:51:14 +0000},
	Journal = {Child development},
	Number = {6},
	Pages = {1646--1662},
	Publisher = {Wiley Online Library},
	Title = {{Acquisition of the novel name--nameless category (N3C) principle}},
	Volume = {65},
	Year = {1994}}

@article{clark1990,
	Author = {Clark, E.V.},
	Date-Added = {2013-01-03 16:11:46 -0500},
	Date-Modified = {2013-06-23 22:51:13 +0000},
	Journal = {Journal of Child Language},
	Number = {02},
	Pages = {417--431},
	Publisher = {Cambridge Univ Press},
	Title = {On the pragmatics of contrast},
	Volume = {17},
	Year = {1990}}

@article{markman1988,
	Author = {Markman, E.M. and Wachtel, G.F.},
	Date-Added = {2013-01-03 16:11:08 -0500},
	Date-Modified = {2013-06-23 22:51:13 +0000},
	Journal = {Cognitive psychology},
	Number = {2},
	Pages = {121--157},
	Publisher = {Elsevier},
	Title = {Children's use of mutual exclusivity to constrain the meanings of words},
	Volume = {20},
	Year = {1988}}

@article{tomasello1996,
	Author = {Tomasello, M. and Strosberg, R. and Akhtar, N. and others},
	Date-Added = {2013-01-03 13:20:44 -0500},
	Date-Modified = {2013-06-23 22:51:14 +0000},
	Journal = {Journal of Child Language},
	Pages = {157--176},
	Publisher = {Cambridge Univ Press},
	Title = {Eighteen-month-old children learn words in non-ostensive contexts},
	Volume = {23},
	Year = {1996}}

@article{frank2013,
	Author = {Frank, M. C. and Tenenbaum, J. and Fernald, A.},
	Date-Added = {2013-01-03 13:19:51 -0500},
	Date-Modified = {2013-12-06 17:25:35 -0800},
	Journal = {Language, Learning, and Development},
	Pages = {1-24},
	Title = {Social and discourse contributions to the determination of reference in cross-situational word learning},
	Volume = {9},
	Year = {2013}}

@article{smith2008,
	Author = {Smith, L. and Yu, C.},
	Date-Added = {2013-01-03 13:18:27 -0500},
	Date-Modified = {2013-06-23 22:51:14 +0000},
	Journal = {Cognition},
	Number = {3},
	Pages = {1558--1568},
	Publisher = {Elsevier},
	Title = {Infants rapidly learn word-referent mappings via cross-situational statistics},
	Volume = {106},
	Year = {2008}}
